@mastersthesis{black:2005,
	author 	= {Roie R. Black},
	year	= 2005,
	title	= {An assessment of web-based collaboration tools to support software development using the personal software process/team software process},
	school	= {Texas State University-San Marcos},
	address	= {Texas State University, The Graduate College, 601 University Drive,San Marcos, TX 78666-4684}
}
